@article{abbs1984control,
  title={Control of complex motor gestures: Orofacial muscle responses to load perturbations of lip during speech},
  author={Abbs, James H and Gracco, Vincent L},
  journal={Journal of Neurophysiology},
  volume={51},
  number={4},
  pages={705--723},
  year={1984},
  doi={10.1152/jn.1984.51.4.705}
}
@inproceedings{lingala2016state,
  title={State-of-the-art {MRI} protocol for comprehensive assessment of vocal tract structure and function},
  author={Lingala, Sajan Goud and Toutios, Asterios and T{\"o}ger, Johannes and Lim, Yongwan and Zhu, Yinghua and Kim, Yoon-Chul and Vaz, Colin and Narayanan, Shrikanth and Nayak, Krishna},
  booktitle={Interspeech 2016},
  pages={475--479},
  year={2016},
  doi={10.21437/Interspeech.2016-559}
}
@article{toger2017test,
  title={Test--retest repeatability of human speech biomarkers from static and real-time dynamic magnetic resonance imaging},
  author={T{\"o}ger, Johannes and Sorensen, Tanner and Somandepalli, Krishna and Toutios, Asterios and Lingala, Sajan Goud and Narayanan, Shrikanth and Nayak, Krishna},
  journal={The Journal of the Acoustical Society of America},
  volume={141},
  number={5},
  pages={3323--3336},
  year={2017},
  doi={10.1121/1.4983081}
}
@article{narayanan2014real,
  title={Real-time magnetic resonance imaging and electromagnetic articulography database for speech production research {(TC)}},
  author={Narayanan, Shrikanth and Toutios, Asterios and Ramanarayanan, Vikram and Lammert, Adam and Kim, Jangwon and Lee, Sungbok and Nayak, Krishna and Kim, Yoon-Chul and Zhu, Yinghua and Goldstein, Louis and Byrd, Dani and Bresch, Erik and Ghosh, Prasanta and Katsamanis, Athanasios and Proctor, Michael},
  journal={The Journal of the Acoustical Society of America},
  volume={136},
  number={3},
  pages={1307--1311},
  year={2014},
  doi={10.1121/1.4890284}
}
@inproceedings{sorensen2017database,
  title={Database of volumetric and real-time vocal tract {MRI} for speech science},
  author={Sorensen, Tanner and Skordilis, Zisis and Toutios, Asterios and Kim, Yoon-Chul and Zhu, Yinghua and Kim, Jangwon and Lammert, Adam and Ramanarayanan, Vikram and Goldstein, Louis and Byrd, Dani and Nayak, Krishna and Narayanan, Shrikanth},
  booktitle={Interspeech 2017},
  pages={645--649},
  year={2017},
  doi={10.21437/Interspeech.2017-608}
}
@article{lammert2013morphological,
  author = {Lammert, Adam and Proctor, Michael and Narayanan, Shrikanth S},
  title = {Morphological Variation in the Adult Hard Palate and Posterior Pharyngeal Wall},
  journal = {Journal of Speech, Language, and Hearing Research},
  volume = {56},
  number = {2},
  pages = {521--530},
  year = {2013},
  doi={10.1044/1092-4388(2012/12-0059)}
}
@article{dawson2016methods,
  title={Methods for quantifying tongue shape and complexity using ultrasound imaging},
  author={Dawson, Katherine M and Tiede, Mark K and Whalen, Douglas H},
  journal={Clinical Linguistics \& Phonetics},
  volume={30},
  number={3--5},
  pages={328--344},
  year={2016},
  doi={10.3109/02699206.2015.1099164}
}
@article{kessler2015emerging,
  title={The emerging science of quantitative imaging biomarkers: Terminology and definitions for scientific studies and regulatory submissions},
  author={Kessler, Larry G and Barnhart, Huiman X and Buckler, Andrew J and Choudhury, Kingshuk Roy and Kondratovich, Marina V and Toledano, Alicia and Guimaraes, Alexander R and Filice, Ross and Zhang, Zheng and Sullivan, Daniel C and {QIBA Terminology Working Group}},
  journal={Statistical Methods in Medical Research},
  volume={24},
  number={1},
  pages={9--26},
  year={2015},
  doi={10.1177\%2F0962280214537333}
}
@article{sullivan2015metrology,
  title={Metrology standards for quantitative imaging biomarkers},
  author={Sullivan, Daniel C and Obuchowski, Nancy A and Kessler, Larry G and Raunig, David L and Gatsonis, Constantine and Huang, Erich P and Kondratovich, Marina and McShane, Lisa M and Reeves, Anthony P and Barboriak, Daniel P and Guimaraes, Alexander R and Wahl, Richard L},
  journal={Radiology},
  volume={277},
  number={3},
  pages={813--825},
  year={2015},
  doi={10.1148/radiol.2015142202},
  note={for the RSNA-QIBA Metrology Working Group}
}
@article{bresch2009region,
  title={Region segmentation in the frequency domain applied to upper airway real-time magnetic resonance images},
  author={Bresch, Erik and Narayanan, Shrikanth},
  journal={IEEE Transactions on Medical Imaging},
  volume={28},
  number={3},
  pages={323--338},
  year={2009},
  doi={10.1109/TMI.2008.928920}
}
@article{lebreton2007answers,
  title={Answers to 20 questions about interrater reliability and interrater agreement},
  author={LeBreton, James M and Senter, Jenell L},
  journal={Organizational Research Methods},
  volume={11},
  number={4},
  pages={816--852},
  year={2008},
  doi={10.1177\%2F1094428106296642}
}
@Article{bates2015fitting,
  title = {Fitting linear mixed-effects models using {lme4}},
  author = {Bates, Douglas and M{\"a}chler, Martin and Bolker, Ben and Walker, Steve},
  journal = {Journal of Statistical Software},
  volume = {67},
  number = {1},
  pages = {1--48},
  year = {2015},
  doi = {10.18637/jss.v067.i01}
}
@Manual{r2017language,
  title = {R: A language and environment for statistical computing},
  author = {{R Development Core Team}},
  organization = {R Foundation for Statistical Computing},
  address = {Vienna, Austria},
  year = {2008},
  note = {{ISBN} 3-900051-07-0},
  url = {http://www.R-project.org}
}
@article{kim2011flexible,
  title={Flexible retrospective selection of temporal resolution in real-time speech {MRI} using a golden-ratio spiral view order},
  author={Kim, Yoon-Chul and Narayanan, Shrikanth S and Nayak, Krishna S},
  journal={Magnetic Resonance in Medicine},
  volume={65},
  number={5},
  pages={1365--1371},
  year={2011},
  doi={10.1002/mrm.22714}
}
@article{narayanan2004approach,
  title={An approach to real-time magnetic resonance imaging for speech production},
  author={Narayanan, Shrikanth and Nayak, Krishna and Lee, Sungbok and Sethy, Abhinav and Byrd, Dani},
  journal={The Journal of the Acoustical Society of America},
  volume={115},
  number={4},
  pages={1771--1776},
  year={2004},
  doi={10.1121/1.1652588}
}
@inproceedings{santos2004flexible,
  title={Flexible real-time magnetic resonance imaging framework},
  author={Santos, Juan M and Wright, Graham A and Pauly, John M},
  booktitle={Engineering in Medicine and Biology Society, 2004. IEMBS'04. 26th Annual International Conference of the IEEE},
  volume={1},
  pages={1048--1051},
  year={2004},
  doi={10.1109/IEMBS.2004.1403343}
}
@book{latash2008synergy,
  title={Synergy},
  author={Latash, Mark L},
  year={2008},
  publisher={Oxford University Press},
  note={{ISBN} 0-195333-16-0}
}
@inproceedings{Sorensen+2016,
  title={Characterizing Vocal Tract Dynamics Across Speakers Using Real-Time {MRI}},  
  author={Sorensen, Tanner and Toutios, Asterios and Goldstein, Louis and Narayanan, Shrikanth S},
  booktitle={Interspeech 2016},
  pages={465--469},
  year=2016,
  doi={10.21437/Interspeech.2016-583}
}
@article{hothorn2008simultaneous,
  title={Simultaneous inference in general parametric models},
  author={Hothorn, Torsten and Bretz, Frank and Westfall, Peter},
  journal={Biometrical Journal},
  volume={50},
  number={3},
  pages={346--363},
  year={2008},
  doi={10.1002/bimj.200810425}
}
@article{aerts2008system,
  title={System identification theory in pharmacokinetic modeling of dynamic contrast-enhanced {MRI}: Influence of contrast injection},
  author={Aerts, HJWL and Van Riel, NAW and Backes, WH},
  journal={Magnetic Resonance in Medicine},
  volume={59},
  number={5},
  pages={1111--1119},
  year={2008},
  doi={10.1002/mrm.21575}
}
@article{turvey1977preliminaries,
  title={Preliminaries to a theory of action with reference to vision},
  author={Turvey, Michael T},
  journal={Perceiving, Acting and Knowing},
  pages={211--265},
  year={1977},
  url={http://www.haskins.yale.edu/sr/sr041/SR041_01.pdf}
}
@article{scott2014speech,
  title={Speech {MRI}: Morphology and function},
  author={Scott, Andrew D and Wylezinska, Marzena and Birch, Malcolm J and Miquel, Marc E},
  journal={Physica Medica: European Journal of Medical Physics},
  volume={30},
  number={6},
  pages={604--618},
  year={2014},
  doi={10.1016/j.ejmp.2014.05.001}
}
@article{toutios2016advances,
  title={Advances in real-time magnetic resonance imaging of the vocal tract for speech science and technology research},
  author={Toutios, Asterios and Narayanan, Shrikanth S},
  journal={APSIPA Transactions on Signal and Information Processing},
  volume={5},
  pages={e6},
  year={2016},
  doi={10.1017/ATSIP.2016.5}
}
@inproceedings{toutios2015factor,
  title={Factor analysis of vocal tract outlines derived from real-time magnetic resonance imaging data},
  author={Toutios, Asterios and Narayanan, Shrikanth S},
  booktitle={International Congress of Phonetic Sciences (ICPhS)},
  year={2015},
  location={Glasgow, UK},
  url={https://www.internationalphoneticassociation.org/icphs-proceedings/ICPhS2015/Papers/ICPHS0514.pdf}
}
@article{lammert2013statistical,
  title={Statistical methods for estimation of direct and differential kinematics of the vocal tract},
  author={Lammert, Adam and Goldstein, Louis and Narayanan, Shrikanth and Iskarous, Khalil},
  journal={Speech Communication},
  volume={55},
  number={1},
  pages={147--161},
  year={2013},
  doi={10.1016/j.specom.2012.08.001}
}
@inproceedings{uecker2015berkeley,
  title={Berkeley advanced reconstruction toolbox},
  author={Uecker, Martin and Ong, Frank and Tamir, Jonathan I and Bahri, Dara and Virtue, Patrick and Cheng, Joseph Y and Zhang, Tao and Lustig, Michael},
  booktitle={Proceedings of the 23rd Annual Meeting ISMRM, Toronto},
  pages={2486},
  year={2015}
}
@article{saltzman1989dynamical,
  title={A dynamical approach to gestural patterning in speech production},
  author={Saltzman, Elliot L and Munhall, Kevin G},
  journal={Ecological Psychology},
  volume={1},
  number={4},
  pages={333--382},
  year={1989},
  doi={10.1207/s15326969eco0104_2}
}
@article{kelso1984functionally,
  title={Functionally specific articulatory cooperation following jaw perturbations during speech: Evidence for coordinative structures},
  author={Kelso, J Scott and Tuller, Betty and Vatikiotis-Bateson, E and Fowler, Carol A},
  journal={Journal of Experimental Psychology: Human Perception and Performance},
  volume={10},
  number={6},
  pages={812--832},
  year={1984},
  doi={10.1037/0096-1523.10.6.812}
}
@article{simko2010embodied,
  title={Embodied task dynamics},
  author={Simko, Juraj and Cummins, Fred},
  journal={Psychological Review},
  volume={117},
  number={4},
  pages={1229--1246},
  year={2010},
  doi={10.1037/a0020490}
}
@article{stoffel2017rptr,
  title={rptR: Repeatability estimation and variance decomposition by generalized linear mixed-effects models},
  author={Stoffel, Martin A and Nakagawa, Shinichi and Schielzeth, Holger},
  journal={Methods in Ecology and Evolution},
  year={2017},
  pages={1639--1644},
  doi={10.1111/2041-210X.12797}
}
@article{saltzman1987skilled,
  title={Skilled actions: A task-dynamic approach},
  author={Saltzman, Elliot and Kelso, J A S},
  journal={Psychological Review},
  volume={94},
  number={1},
  pages={84--106},
  year={1987},
  doi={10.1037/0033-295X.94.1.84}
}
@article{browman1989articulatory,
  title={Articulatory gestures as phonological units}, 
  author={Browman, Catherine P and Goldstein, Louis}, 
  journal={Phonology}, 
  volume={6}, 
  number={2}, 
  pages={201--251},
  year={1989}, 
  doi={10.1017/S0952675700001019}
}
@article{browman1986towards,
  title={Towards an articulatory phonology},
  author={Browman, Catherine P and Goldstein, Louis M},
  journal={Phonology},
  volume={3},
  pages={219--252},
  year={1986},
  doi={10.1017/S0952675700000658}
}
@article{browman1992articulatory,
  title={Articulatory phonology: An overview},
  author={Browman, Catherine P and Goldstein, Louis},
  journal={Phonetica},
  volume={49},
  number={3--4},
  pages={155--180},
  year={1992}
}
@incollection{herbort2010sure,
  author       = {O. Herbort and M. V. Butz and G. Pedersen}, 
  title        = {The SURE\_REACH model for motor learning and control of a redundant arm: From modeling human behavior to applications in robotics},
  booktitle    = {From Motor Learning to Interaction Learning in Robots},
  publisher    = {Springer-Verlag},
  year         = 2010,
  editor       = {Sigaud, O and Peters, J},
  volume       = 264,
  chapter      = 5,
  pages        = {85--106},
  address      = {Berlin, Heidelberg},
  edition      = 1
}
@article{wood1979radiographic,
  title={A radiographic analysis of constriction location for vowels},
  author={Wood, Sidney},
  journal={Journal of Phonetics},
  volume={7},
  pages={25--43},
  year={1979}
}
@article{vatikiotis1995analysis,
  title={An analysis of the dimensionality of jaw motion in speech},
  author={Vatikiotis-Bateson, Eric and Ostry, David J},
  journal={Journal of Phonetics},
  volume={23},
  number={1-2},
  pages={101--117},
  year={1995},
  publisher={Academic Press}
}

